<?xml version="1.0" encoding="UTF-8"?><collection xmlns="http://www.loc.gov/MARC21/slim"><record><leader>00402nam--2200133-i-4500</leader><controlfield tag="001">000016545</controlfield><controlfield tag="002">20161230</controlfield><controlfield tag="005">20161230201031</controlfield><controlfield tag="008">060222s1000------------r-----000-0-eng-d</controlfield><datafield ind1=" " ind2=" " tag="100"><subfield code="a">Gregory L.Naher</subfield></datafield><datafield ind1=" " ind2=" " tag="245"><subfield code="a">The geometry of minkowski spacetime. an intro duction to the special theory of relativity</subfield></datafield><datafield ind1=" " ind2=" " tag="260"><subfield code="a">New York, Springer-verlag, 1992</subfield></datafield><datafield ind1=" " ind2=" " tag="490"><subfield code="a">Applied Mathematical Science</subfield></datafield><datafield ind1=" " ind2=" " tag="852"><subfield code="a">80591</subfield></datafield></record></collection>